@book{ 9780511535246,
author = "Sverre J. Aarseth",
title = {Gravitational N-Body Simulations}, 
publisher = {Cambridge University Press}, 
year = {2003},
isbn = {9780511535246}, 
note = {Cambridge Books Online}, 
url = {http://dx.doi.org/10.1017/CBO9780511535246}
}

@ARTICLE{1986Natur.324..446B,
   author = {{Barnes}, J. and {Hut}, P.},
    title = "{A hierarchical O(N log N) force-calculation algorithm}",
  journal = {\nat},
 keywords = {Computational Astrophysics, Many Body Problem, Numerical Integration, Stellar Motions, Algorithms, Hierarchies},
     year = 1986,
    month = dec,
   volume = 324,
    pages = {446-449},
      doi = {10.1038/324446a0},
   adsurl = {http://adsabs.harvard.edu/abs/1986Natur.324..446B},
  adsnote = {Provided by the SAO/NASA Astrophysics Data System}
}

@article{Ishiyama:2012gs,
      author         = "Ishiyama, Tomoaki and Nitadori, Keigo and Makino,
                        Junichiro",
      title          = "{4.45 Pflops Astrophysical N-Body Simulation on K
                        computer -- The Gravitational Trillion-Body Problem}",
      year           = "2012",
      eprint         = "1211.4406",
      archivePrefix  = "arXiv",
      primaryClass   = "astro-ph.CO",
      SLACcitation   = "%%CITATION = ARXIV:1211.4406;%%"
}

@electronic{gpugems,
    abstract = {{An N-body simulation numerically approximates the evolution of a system of bodies in which each body continuously interacts with every other body. A familiar example is an astrophysical simulation in which each body represents a galaxy or an individual star, and the bodies attract each other through the gravitational force, as in Figure 31-1. N-body}},
    author = {Nyland, Lars and Harris, Mark},
    booktitle = {GPU Gems 3},
    note = {GPU Gems 3},
    citeulike-article-id = {9103687},
    citeulike-linkout-0 = {http://citeseerx.ist.psu.edu/viewdoc/summary?doi=10.1.1.156.7082},
    keywords = {gpu, n-body},
    pages = {677--695},
    posted-at = {2011-04-06 06:59:39},
    priority = {2},
    publisher = {Addison-Wesley Professional},
    title = {{Fast N-Body Simulation with CUDA}},
    url = {http://citeseerx.ist.psu.edu/viewdoc/summary?doi=10.1.1.156.7082},
    year = {2007}
}

@misc{cacheobliviousnbody,
  Author = {Pablo Halpern},
  Howpublished = {CppCon2014 talk},
  Year = {2014},
  Title = {Decomposing a Problem for Parallel Execution}
}